<?xml version="1.0" encoding="UTF-8"?><collection xmlns="http://www.loc.gov/MARC21/slim"><record><leader>00462nam--2200133-i-4500</leader><controlfield tag="001">000021708</controlfield><controlfield tag="002">20161230</controlfield><controlfield tag="005">20161230201034</controlfield><controlfield tag="008">060222s1000------------r-----000-0-eng-d</controlfield><datafield ind1=" " ind2=" " tag="245"><subfield code="a">Hydrogen bonding. papers presented at the symposium on hydrogen bonding held at ljubljana, 19 july-3 aug.1957</subfield></datafield><datafield ind1=" " ind2=" " tag="260"><subfield code="a">London, Pergamon Press, 1959, Xii + 571 P</subfield></datafield><datafield ind1=" " ind2=" " tag="490"><subfield code="a">International Union Of Pure And Applied Chemistry</subfield></datafield><datafield ind1=" " ind2=" " tag="700"><subfield code="a">Hadzi, D., Thompson, H.W</subfield></datafield><datafield ind1=" " ind2=" " tag="852"><subfield code="a">14787</subfield></datafield></record></collection>